@article{Lin2020,
  title={Classifying Breast Cancer Subtypes Using Deep Neural Networks Based on Multi-Omics Data},
  author={Lin, Yuting and Zhang, Weida and Cao, Huanhuan and Li, Guang and Du, Wenbin},
  journal={Genes (Basel)},
  volume={11},
  number={8},
  year={2020},
  publisher={MDPI},
  pmid={32759821},
  pmcid={PMC7464481}
}

@article{Subramanian2020,
  title={Multi-omics Data Integration, Interpretation, and Its Application},
  author={Subramanian, Indhu and Verma, Saurabh and Kumar, Santosh and Jere, Arun and Anamika, Kritika},
  journal={Bioinform Biol Insights},
  volume={14},
  year={2020},
  publisher={SAGE Publications},
  pmid={32076369},
  pmcid={PMC7003173}
}
@article{Hasin2017,
  title={Multi-omics approaches to disease},
  author={Hasin, Yehudit and Seldin, Marcus and Lusis, Aldons},
  journal={Genome Biology},
  volume={18},
  number={1},
  year={2017},
  publisher={BioMed Central},
}

@article{Santiago-Rodriguez2021,
  title={Multi 'omic data integration: A review of concepts, considerations, and approaches},
  author={Santiago-Rodriguez, Tasha M. and Hollister, Emily B.},
  journal={Seminars in Perinatology},
  volume={45},
  number={6},
  year={2021},
  publisher={Elsevier},
  pmid={34256961},
  note={Epub 2021 Jun 17}
}

@article{Gomez-Cabrero2014,
  title={Data integration in the era of omics: current and future challenges},
  author={Gomez-Cabrero, David and Abugessaisa, Imad and Maier, Dieter and Teschendorff, Andrew and Meridani, Pamela and Mangion, Joe and Chierici, Marco and Falciani, Francesco and Trevino, Victor and Caldas, Carlos and Rung, Joachim and Brazma, Alvis and Conesa, Ana},
  journal={BMC Systems Biology},
  volume={8},
  number={Suppl 2},
  year={2014},
  publisher={BioMed Central},
}

@article{Ebrahim2016,
  title={Multi-omic data integration enables discovery of hidden biological regularities},
  author={Ebrahim, Ali and Brunk, Elizabeth and Tan, Justin and O'Brien, Edward J. and Kim, Daniel and Szubin, Richard and Lerman, Joshua A. and Lechner, Andreas and Sastry, Anand and Bordbar, Aarash and Feist, Adam M. and Palsson, Bernhard O.},
  journal={Nature Communications},
  volume={7},
  year={2016},
  publisher={Nature Publishing Group},
}